@article{bockmann2004,
  title={Aerosol lidar intercomparison in the framework of the EARLINET project. 2. Aerosol backscatter algorithms},
  author={B{\"o}ckmann, Christine and Wandinger, Ulla and Ansmann, Albert and B{\"o}senberg, Jens and Amiridis, Vassilis and Boselli, Antonella and Delaval, Arnaud and De Tomasi, Ferdinando and Frioud, Max and Grigorov, Ivan Videnov and others},
  journal={Applied Optics},
  volume={43},
  number={4},
  pages={977--989},
  year={2004},
  publisher={Optical Society of America}
}

@article{bucholtz1995,
  title={Rayleigh-scattering calculations for the terrestrial atmosphere},
  author={Bucholtz, Anthony},
  journal={Applied Optics},
  volume={34},
  number={15},
  pages={2765--2773},
  year={1995},
  publisher={Optical Society of America}
}

@article{fernald1984,
  title={Analysis of atmospheric lidar observations: Some comments},
  author={Fernald, Frederick G},
  journal={Applied optics},
  volume={23},
  number={5},
  pages={652--653},
  year={1984}
}

@article{hostetler2006,
  title={CALIOP algorithm theoretical basis document, calibration and level 1 data products},
  author={Hostetler, Chris A and Liu, Zhaoyan and Reagan, J and Vaughan, M and Winker, D and Osborn, M and Hunt, WH and Powell, KA and Trepte, C},
  journal={Cloud-Aerosol Lidar Infrared Pathfinder Satellite Observations PC-SCI-201},
  pages={1--66},
  year={2006}
}

@article{shimizu2004,
  title={Continuous observations of Asian dust and other aerosols by polarization lidars in China and Japan during ACE-Asia},
  author={Shimizu, Atsushi and Sugimoto, Nobuo and Matsui, Ichiro and Arao, Kimio and Uno, Itsushi and Murayama, Toshiyuki and Kagawa, Naoki and Aoki, Kazuma and Uchiyama, Akihiro and Yamazaki, Akihiro},
  journal={Journal of Geophysical Research: Atmospheres},
  volume={109},
  number={D19},
  year={2004},
  publisher={Wiley Online Library}
}

@article{shimizu2017,
  title={Evolution of a lidar network for tropospheric aerosol detection in East Asia},
  author={Shimizu, Atsushi and Nishizawa, Tomoaki and Jin, Yoshitaka and Kim, Sang-Woo and Wang, Zifa and Batdorj, Dashdondog and Sugimoto, Nobuo},
  journal={Optical Engineering},
  volume={56},
  number={3},
  pages={031219--031219},
  year={2017},
  publisher={International Society for Optics and Photonics}
}

@inproceedings{sugimoto2010,
  title={Lidar network observation of tropospheric aerosols},
  author={Sugimoto, Nobuo and Matsui, Ichiro and Shimizu, Atsushi and Nishizawa, Tomoaki and Hara, Yukari and Uno, Itsushi},
  booktitle={SPIE Asia-Pacific Remote Sensing},
  pages={78600J--78600J},
  year={2010},
  organization={International Society for Optics and Photonics}
}
